%%% ====================================================================
%%%  BibTeX-file{
%%%     author          = "Gerry Murray",
%%%     version         = "1.2",
%%%     date            = "2 April 2012",
%%%     filename        = "acmsmall-sample-bibfile.bib",
%%%     address         = "ACM, NY",
%%%     email           = "murray at hq.acm.org",
%%%     codetable       = "ISO/ASCII",
%%%     keywords        = "ACM Reference Format, bibliography, citation, references",
%%%     supported       = "yes",
%%%     docstring       = "This BibTeX database file contains 'bibdata' entries
%%%                        that 'match' the examples provided in the Specifications Document
%%%                        AND, also, 'legacy'-type bibs. It should assist authors in 
%%%                        choosing the 'correct' at-bibtype and necessary bib-fields
%%%                        so as to obtain the appropriate ACM Reference Format output. 
%%%			   It also contains many 'Standard Abbreviations'. "
%%%  }
%%% ====================================================================

% Journals

% First the Full Name is given, then the abbreviation used in the AMS Math
% Reviews, with an indication if it could not be found there.
% Note the 2nd overwrites the 1st, so swap them if you want the full name.

 %{AMS}
 @String{AMSTrans = "American Mathematical Society Translations" }
 @String{AMSTrans = "Amer. Math. Soc. Transl." }
 @String{BullAMS = "Bulletin of the American Mathematical Society" }
 @String{BullAMS = "Bull. Amer. Math. Soc." }
 @String{ProcAMS = "Proceedings of the American Mathematical Society" }
 @String{ProcAMS = "Proc. Amer. Math. Soc." }
 @String{TransAMS = "Transactions of the American Mathematical Society" }
 @String{TransAMS = "Trans. Amer. Math. Soc." }

 %ACM
 @String{CACM = "Communications of the {ACM}" }
 @String{CACM = "Commun. {ACM}" }
 @String{CompServ = "Comput. Surveys" }
 @String{JACM = "J. ACM" }
 @String{ACMMathSoft = "{ACM} Transactions on Mathematical Software" }
 @String{ACMMathSoft = "{ACM} Trans. Math. Software" }
 @String{SIGNUM = "{ACM} {SIGNUM} Newsletter" }
 @String{SIGNUM = "{ACM} {SIGNUM} Newslett." }

 @String{AmerSocio = "American Journal of Sociology" }
 @String{AmerStatAssoc = "Journal of the American Statistical Association" }
 @String{AmerStatAssoc = "J. Amer. Statist. Assoc." }
 @String{ApplMathComp = "Applied Mathematics and Computation" }
 @String{ApplMathComp = "Appl. Math. Comput." }
 @String{AmerMathMonthly = "American Mathematical Monthly" }
 @String{AmerMathMonthly = "Amer. Math. Monthly" }
 @String{BIT = "{BIT}" }
 @String{BritStatPsych = "British Journal of Mathematical and Statistical
          Psychology" }
 @String{BritStatPsych = "Brit. J. Math. Statist. Psych." }
 @String{CanMathBull = "Canadian Mathematical Bulletin" }
 @String{CanMathBull = "Canad. Math. Bull." }
 @String{CompApplMath = "Journal of Computational and Applied Mathematics" }
 @String{CompApplMath = "J. Comput. Appl. Math." }
 @String{CompPhys = "Journal of Computational Physics" }
 @String{CompPhys = "J. Comput. Phys." }
 @String{CompStruct = "Computers and Structures" }
 @String{CompStruct = "Comput. \& Structures" }
 @String{CompJour = "The Computer Journal" }
 @String{CompJour = "Comput. J." }
 @String{CompSysSci = "Journal of Computer and System Sciences" }
 @String{CompSysSci = "J. Comput. System Sci." }
 @String{Computing = "Computing" }
 @String{ContempMath = "Contemporary Mathematics" }
 @String{ContempMath = "Contemp. Math." }
 @String{Crelle = "Crelle's Journal" }
 @String{GiornaleMath = "Giornale di Mathematiche" }
 @String{GiornaleMath = "Giorn. Mat." } % didn't find in AMS MR., ibid.

 %IEEE
 @String{Computer = "{IEEE} Computer" }
 @String{IEEETransComp = "{IEEE} Transactions on Computers" }
 @String{IEEETransComp = "{IEEE} Trans. Comput." }
 @String{IEEETransAC = "{IEEE} Transactions on Automatic Control" }
 @String{IEEETransAC = "{IEEE} Trans. Automat. Control" }
 @String{IEEESpec = "{IEEE} Spectrum" } % didn't find in AMS MR
 @String{ProcIEEE = "Proceedings of the {IEEE}" }
 @String{ProcIEEE = "Proc. {IEEE}" } % didn't find in AMS MR
 @String{IEEETransAeroElec = "{IEEE} Transactions on Aerospace and Electronic
     Systems" }
 @String{IEEETransAeroElec = "{IEEE} Trans. Aerospace Electron. Systems" }

 @String{IMANumerAna = "{IMA} Journal of Numerical Analysis" }
 @String{IMANumerAna = "{IMA} J. Numer. Anal." }
 @String{InfProcLet = "Information Processing Letters" }
 @String{InfProcLet = "Inform. Process. Lett." }
 @String{InstMathApp = "Journal of the Institute of Mathematics and
     its Applications" }
 @String{InstMathApp = "J. Inst. Math. Appl." }
 @String{IntControl = "International Journal of Control" }
 @String{IntControl = "Internat. J. Control" }
 @String{IntNumerEng = "International Journal for Numerical Methods in
     Engineering" }
 @String{IntNumerEng = "Internat. J. Numer. Methods Engrg." }
 @String{IntSuper = "International Journal of Supercomputing Applications" }
 @String{IntSuper = "Internat. J. Supercomputing Applic." } % didn't find
%% in AMS MR
 @String{Kibernetika = "Kibernetika" }
 @String{JResNatBurStand = "Journal of Research of the National Bureau
     of Standards" }
 @String{JResNatBurStand = "J. Res. Nat. Bur. Standards" }
 @String{LinAlgApp = "Linear Algebra and its Applications" }
 @String{LinAlgApp = "Linear Algebra Appl." }
 @String{MathAnaAppl = "Journal of Mathematical Analysis and Applications" }
 @String{MathAnaAppl = "J. Math. Anal. Appl." }
 @String{MathAnnalen = "Mathematische Annalen" }
 @String{MathAnnalen = "Math. Ann." }
 @String{MathPhys = "Journal of Mathematical Physics" }
 @String{MathPhys = "J. Math. Phys." }
 @String{MathComp = "Mathematics of Computation" }
 @String{MathComp = "Math. Comp." }
 @String{MathScand = "Mathematica Scandinavica" }
 @String{MathScand = "Math. Scand." }
 @String{TablesAidsComp = "Mathematical Tables and Other Aids to Computation" }
 @String{TablesAidsComp = "Math. Tables Aids Comput." }
 @String{NumerMath = "Numerische Mathematik" }
 @String{NumerMath = "Numer. Math." }
 @String{PacificMath = "Pacific Journal of Mathematics" }
 @String{PacificMath = "Pacific J. Math." }
 @String{ParDistComp = "Journal of Parallel and Distributed Computing" }
 @String{ParDistComp = "J. Parallel and Distrib. Comput." } % didn't find
%% in AMS MR
 @String{ParComputing = "Parallel Computing" }
 @String{ParComputing = "Parallel Comput." }
 @String{PhilMag = "Philosophical Magazine" }
 @String{PhilMag = "Philos. Mag." }
 @String{ProcNAS = "Proceedings of the National Academy of Sciences
                    of the USA" }
 @String{ProcNAS = "Proc. Nat. Acad. Sci. U. S. A." }
 @String{Psychometrika = "Psychometrika" }
 @String{QuartMath = "Quarterly Journal of Mathematics, Oxford, Series (2)" }
 @String{QuartMath = "Quart. J. Math. Oxford Ser. (2)" }
 @String{QuartApplMath = "Quarterly of Applied Mathematics" }
 @String{QuartApplMath = "Quart. Appl. Math." }
 @String{RevueInstStat = "Review of the International Statisical Institute" }
 @String{RevueInstStat = "Rev. Inst. Internat. Statist." }

 %SIAM
 @String{JSIAM = "Journal of the Society for Industrial and Applied
     Mathematics" }
 @String{JSIAM = "J. Soc. Indust. Appl. Math." }
 @String{JSIAMB = "Journal of the Society for Industrial and Applied
     Mathematics, Series B, Numerical Analysis" }
 @String{JSIAMB = "J. Soc. Indust. Appl. Math. Ser. B Numer. Anal." }
 @String{SIAMAlgMeth = "{SIAM} Journal on Algebraic and Discrete Methods" }
 @String{SIAMAlgMeth = "{SIAM} J. Algebraic Discrete Methods" }
 @String{SIAMAppMath = "{SIAM} Journal on Applied Mathematics" }
 @String{SIAMAppMath = "{SIAM} J. Appl. Math." }
 @String{SIAMComp = "{SIAM} Journal on Computing" }
 @String{SIAMComp = "{SIAM} J. Comput." }
 @String{SIAMMatrix = "{SIAM} Journal on Matrix Analysis and Applications" }
 @String{SIAMMatrix = "{SIAM} J. Matrix Anal. Appl." }
 @String{SIAMNumAnal = "{SIAM} Journal on Numerical Analysis" }
 @String{SIAMNumAnal = "{SIAM} J. Numer. Anal." }
 @String{SIAMReview = "{SIAM} Review" }
 @String{SIAMReview = "{SIAM} Rev." }
 @String{SIAMSciStat = "{SIAM} Journal on Scientific and Statistical
     Computing" }
 @String{SIAMSciStat = "{SIAM} J. Sci. Statist. Comput." }

 @String{SoftPracExp = "Software Practice and Experience" }
 @String{SoftPracExp = "Software Prac. Experience" } % didn't find in AMS MR
 @String{StatScience = "Statistical Science" }
 @String{StatScience = "Statist. Sci." }
 @String{Techno = "Technometrics" }
 @String{USSRCompMathPhys = "{USSR} Computational Mathematics and Mathematical
     Physics" }
 @String{USSRCompMathPhys = "{U. S. S. R.} Comput. Math. and Math. Phys." }
 @String{VLSICompSys = "Journal of {VLSI} and Computer Systems" }
 @String{VLSICompSys = "J. {VLSI} Comput. Syst." }
 @String{ZAngewMathMech = "Zeitschrift fur Angewandte Mathematik und
     Mechanik" }
 @String{ZAngewMathMech = "Z. Angew. Math. Mech." }
 @String{ZAngewMathPhys = "Zeitschrift fur Angewandte Mathematik und Physik" }
 @String{ZAngewMathPhys = "Z. Angew. Math. Phys." }

% Publishers % ================================================= |

 @String{Academic = "Academic Press" }
 @String{ACMPress = "{ACM} Press" }
 @String{AdamHilger = "Adam Hilger" }
 @String{AddisonWesley = "Addison-Wesley" }
 @String{AllynBacon = "Allyn and Bacon" }
 @String{AMS = "American Mathematical Society" }
 @String{Birkhauser = "Birkha{\"u}ser" }
 @String{CambridgePress = "Cambridge University Press" }
 @String{Chelsea = "Chelsea" }
 @String{ClaredonPress = "Claredon Press" }
 @String{DoverPub = "Dover Publications" }
 @String{Eyolles = "Eyolles" }
 @String{HoltRinehartWinston = "Holt, Rinehart and Winston" }
 @String{Interscience = "Interscience" }
 @String{JohnsHopkinsPress = "The Johns Hopkins University Press" }
 @String{JohnWileySons = "John Wiley and Sons" }
 @String{Macmillan = "Macmillan" }
 @String{MathWorks = "The Math Works Inc." }
 @String{McGrawHill = "McGraw-Hill" }
 @String{NatBurStd = "National Bureau of Standards" }
 @String{NorthHolland = "North-Holland" }
 @String{OxfordPress = "Oxford University Press" }  %address Oxford or London?
 @String{PergamonPress = "Pergamon Press" }
 @String{PlenumPress = "Plenum Press" }
 @String{PrenticeHall = "Prentice-Hall" }
 @String{SIAMPub = "{SIAM} Publications" }
 @String{Springer = "Springer-Verlag" }
 @String{TexasPress = "University of Texas Press" }
 @String{VanNostrand = "Van Nostrand" }
 @String{WHFreeman = "W. H. Freeman and Co." }

%Entries

@inproceedings{Babcock:2002:MID:543613.543615,
 author = {Babcock, Brian and Babu, Shivnath and Datar, Mayur and Motwani, Rajeev and Widom, Jennifer},
 title = {Models and Issues in Data Stream Systems},
 booktitle = {Proceedings of the Twenty-first ACM SIGMOD-SIGACT-SIGART Symposium on Principles of Database Systems},
 series = {PODS '02},
 year = {2002},
 isbn = {1-58113-507-6},
 location = {Madison, Wisconsin},
 pages = {1--16},
 numpages = {16},
 url = {http://doi.acm.org/10.1145/543613.543615},
 doi = {10.1145/543613.543615},
 acmid = {543615},
 publisher = {ACM},
 address = {New York, NY, USA},
} 

@article{Jain:1999:DCR:331499.331504,
 author = {Jain, A. K. and Murty, M. N. and Flynn, P. J.},
 title = {Data Clustering: A Review},
 journal = {ACM Comput. Surv.},
 issue_date = {Sept. 1999},
 volume = {31},
 number = {3},
 month = sep,
 year = {1999},
 issn = {0360-0300},
 pages = {264--323},
 numpages = {60},
 url = {http://doi.acm.org/10.1145/331499.331504},
 doi = {10.1145/331499.331504},
 acmid = {331504},
 publisher = {ACM},
 address = {New York, NY, USA},
 keywords = {cluster analysis, clustering applications, exploratory data analysis, incremental clustering, similarity indices, unsupervised learning},
} 

@ARTICLE{1427769, 
author={Rui Xu and Wunsch, D., II}, 
journal={Neural Networks, IEEE Transactions on}, 
title={Survey of clustering algorithms}, 
year={2005}, 
volume={16}, 
number={3}, 
pages={645-678}, 
keywords={data analysis;pattern classification;pattern clustering;benchmark data sets;bioinformatics;cluster analysis;data analysis;traveling salesman problem;Application software;Bioinformatics;Clustering algorithms;Computer science;Data analysis;Humans;Machine learning;Machine learning algorithms;Statistics;Traveling salesman problems;Adaptive resonance theory (ART);cluster validation;clustering;clustering algorithm;neural networks;proximity;self-organizing feature map (SOFM);Algorithms;Computer Simulation;Models, Statistical;Neural Networks (Computer);Numerical Analysis, Computer-Assisted;Pattern Recognition, Automated;Signal Processing, Computer-Assisted;Stochastic Processes}, 
doi={10.1109/TNN.2005.845141}, 
ISSN={1045-9227}, 
month={May},
}

@incollection{kmeans,
year={2012},
isbn={978-3-642-35288-1},
booktitle={Neural Networks: Tricks of the Trade},
volume={7700},
series={Lecture Notes in Computer Science},
editor={Montavon, Grégoire and Orr, GenevièveB. and Müller, Klaus-Robert},
doi={10.1007/978-3-642-35289-8_30},
title={Learning Feature Representations with K-Means},
url={http://dx.doi.org/10.1007/978-3-642-35289-8_30},
publisher={Springer Berlin Heidelberg},
author={Coates, Adam and Ng, AndrewY.},
pages={561-580},
language={English},
}

@article{DBLP:journals/corr/abs-1111-0352,
  author    = {Brian Kulis and
               Michael I. Jordan},
  title     = {Revisiting k-means: New Algorithms via Bayesian Nonparametrics},
  journal   = {CoRR},
  volume    = {abs/1111.0352},
  year      = {2011},
  url       = {http://arxiv.org/abs/1111.0352},
  timestamp = {Mon, 05 Dec 2011 18:04:16 +0100},
  biburl    = {http://dblp.uni-trier.de/rec/bib/journals/corr/abs-1111-0352},
  bibsource = {dblp computer science bibliography, http://dblp.org}
}

@article{DBLP:journals/corr/abs-1105-0121,
  author    = {Fionn Murtagh and
               Pedro Contreras},
  title     = {Methods of Hierarchical Clustering},
  journal   = {CoRR},
  volume    = {abs/1105.0121},
  year      = {2011},
  url       = {http://arxiv.org/abs/1105.0121},
  timestamp = {Wed, 10 Oct 2012 21:28:43 +0200},
  biburl    = {http://dblp.uni-trier.de/rec/bib/journals/corr/abs-1105-0121},
  bibsource = {dblp computer science bibliography, http://dblp.org}
}

@book{Maimon:2005:DMK:1088958,
 author = {Maimon, Oded and Rokach, Lior},
 title = {Data Mining and Knowledge Discovery Handbook},
 year = {2005},
 isbn = {0387244352, 9780387244358},
 publisher = {Springer-Verlag New York, Inc.},
 address = {Secaucus, NJ, USA},
} 

@book{norris1998markov,
  title={Markov Chains},
  author={Norris, J.R.},
  number={{\v{s}}t. 2008},
  isbn={9780521633963},
  series={Cambridge Series in Statistical and Probabilistic Mathematics},
  url={https://books.google.si/books?id=qM65VRmOJZAC},
  year={1998},
  publisher={Cambridge University Press}
}

@ARTICLE{2014arXiv1404.0667C,
   author = {{Crosskey}, M. and {Maggioni}, M.},
    title = "{ATLAS: A geometric approach to learning high-dimensional stochastic systems near manifolds}",
  journal = {ArXiv e-prints},
archivePrefix = "arXiv",
   eprint = {1404.0667},
 primaryClass = "math.DS",
 keywords = {Mathematics - Dynamical Systems, Mathematics - Probability},
     year = 2014,
    month = apr,
   adsurl = {http://adsabs.harvard.edu/abs/2014arXiv1404.0667C},
  adsnote = {Provided by the SAO/NASA Astrophysics Data System}
}

@article{pande-beauchamp-bowman:2010:methods:markov-model-review,
    author = {Pande, Vijay S. and Beauchamp, Kyle and Bowman, Gregory R.},
    citeulike-article-id = {9520312},
    journal = {Methods},
    keywords = {free\_energy, markov},
    pages = {99--105},
    posted-at = {2011-07-19 10:48:48},
    priority = {2},
    title = {Everything you wanted to know about {Markov State Models} but were afraid to ask},
    volume = {52},
    year = {2010}
}

@INPROCEEDINGS{6558109, 
author={Nagpal, A. and Jatain, A. and Gaur, D.}, 
booktitle={Information Communication Technologies (ICT), 2013 IEEE Conference on}, 
title={Review based on data clustering algorithms}, 
year={2013}, 
pages={298-303}, 
keywords={data handling;pattern clustering;statistical analysis;comparative statistical analysis;data clustering algorithms;data set cluster;optimal solution;similarity metric;statistical application;Algorithm design and analysis;Clustering algorithms;Clustering methods;Communications technology;Conferences;Couplings;Partitioning algorithms;Data Clustering;Special;Statistical analysis;hierarchical clustering;temporal}, 
doi={10.1109/CICT.2013.6558109}, 
month={April},}

@article{Sibson01011973,
author = {Sibson, R.}, 
title = {SLINK: An optimally efficient algorithm for the single-link cluster method},
volume = {16}, 
number = {1}, 
pages = {30-34}, 
year = {1973}, 
doi = {10.1093/comjnl/16.1.30}, 
abstract ={The SLINK algorithm carries out single-link (nearest-neighbour) cluster analysis on an arbitrary dissimilarity coefficient and provides a representation of the resultant dendrogram which can readily be converted into the usual tree-diagram. The algorithm achieves the theoretical order-of-magnitude bounds for both compactness of storage and speed of operation, and makes the application of the single-link method feasible for a number of OTU's well into the range 103 to 104. The algorithm is easily programmable in a variety of languages including FORTRAN.}, 
URL = {http://comjnl.oxfordjournals.org/content/16/1/30.abstract}, 
eprint = {http://comjnl.oxfordjournals.org/content/16/1/30.full.pdf+html}, 
journal = {The Computer Journal} 
}

@book{glm-introduction,
           title = {An Introduction to Generalized Linear Models, Third Edition},
          author = {Annette J. Dobson and Adrian G. Barnett},
         address = {Boca Raton, FL},
       publisher = {Chapman \& Hall/CRC Press},
            year = {2008},
          series = {Texts in Statistical Science},
            note = {For more information about this book please refer to the publisher's website (see link) or contact the author.},
             url = {http://eprints.qut.edu.au/15448/},
        abstract = {- Introduces GLMs in a way that enables readers to understand the unifying structure that underpins them. 

- Discusses common concepts and principles of advanced GLMs, including nominal and ordinal regression, survival analysis, and longitudinal analysis. 

- Connects Bayesian analysis and MCMC methods to fit GLMs. 

- Contains numerous examples from business, medicine, engineering, and the social sciences. 

- Provides the example code for R, Stata, and WinBUGS to encourage implementation of the methods. 

- Offers the data sets and solutions to the exercises online. 



Continuing to emphasize numerical and graphical methods, An Introduction to Generalized Linear Models, Third Edition provides a cohesive framework for statistical modeling. This new edition of a bestseller has been updated with Stata, R, and WinBUGS code as well as three new chapters on Bayesian analysis. 

Like its predecessor, this edition presents the theoretical background of generalized linear models (GLMs) before focusing on methods for analyzing particular kinds of data. It covers normal, Poisson, and binomial distributions; linear regression models; classical estimation and model fitting methods; and frequentist methods of statistical inference. After forming this foundation, the authors explore multiple linear regression, analysis of variance (ANOVA), logistic regression, log-linear models, survival analysis, multilevel modeling, Bayesian models, and Markov chain Monte Carlo (MCMC) methods. 



Using popular statistical software programs, this concise and accessible text illustrates practical approaches to estimation, model fitting, and model comparisons. It includes examples and exercises with complete data sets for nearly all the models covered.}
}

@INPROCEEDINGS{5160607, 
author={Deng, Kun and Yu Sun and Mehta, P.G. and Meyn, S.P.}, 
booktitle={American Control Conference, 2009. ACC '09.}, 
title={An information-theoretic framework to aggregate a Markov chain}, 
year={2009}, 
pages={731-736}, 
keywords={Markov processes;eigenvalues and eigenfunctions;optimisation;reduced order systems;Kullback-Leibler divergence rate;Markov chain;bi-partition problem;eigenvalue problem;information-theoretic framework;model reduction;optimization problem;recursive algorithm;reduced order Markov model;Aggregates;Clustering algorithms;Convergence;Eigenvalues and eigenfunctions;Information theory;Large-scale systems;Partitioning algorithms;Reduced order systems;State-space methods;Sun}, 
doi={10.1109/ACC.2009.5160607}, 
ISSN={0743-1619}, 
month={June},}

@article{Agaev2005157,

title = "On the spectra of nonsymmetric Laplacian matrices ",

journal = "Linear Algebra and its Applications ",

volume = "399",

number = "",

pages = "157 - 168",

year = "2005",

note = "Special Issue devoted to papers presented at the International Meeting on Matrix Analysis and Applications, Ft. Lauderdale, FL, 14-16 December 2003 ",

issn = "0024-3795",

doi = "http://dx.doi.org/10.1016/j.laa.2004.09.003",

url = "http://www.sciencedirect.com/science/article/pii/S0024379504004094",

author = "Rafig Agaev and Pavel Chebotarev",

keywords = "Laplacian matrix",

keywords = "Laplacian spectrum of graph",

keywords = "Weighted directed graph",

keywords = "Forest dimension of digraph",

keywords = "Stochastic matrix "

}

% RELATED WORK
@ARTICLE{5746509, 
author={K. Deng and P. G. Mehta and S. P. Meyn}, 
journal={IEEE Transactions on Automatic Control}, 
title={Optimal Kullback-Leibler Aggregation via Spectral Theory of Markov Chains}, 
year={2011}, 
volume={56}, 
number={12}, 
pages={2793-2808}, 
keywords={Markov processes;eigenvalues and eigenfunctions;Kullback-Leibler divergence rate;Markov Chains;Markov spectral theory;eigenvalue problem;optimal Kullback-Leibler aggregation;spectral theory;Eigenvalues and eigenfunctions;Markov processes;Mutual information;Optimization;Probability distribution;Reduced order systems;Kullback–Leibler (K–L) divergence rate;Markov chain;model reduction;spectral theory}, 
doi={10.1109/TAC.2011.2141350}, 
ISSN={0018-9286}, 
month={Dec},}

@article{pande-beauchamp-bowman:2010:methods:markov-model-review,
    author = {Pande, Vijay S. and Beauchamp, Kyle and Bowman, Gregory R.},
    citeulike-article-id = {9520312},
    journal = {Methods},
    keywords = {free\_energy, markov},
    pages = {99--105},
    posted-at = {2011-07-19 10:48:48},
    priority = {2},
    title = {Everything you wanted to know about {Markov State Models} but were afraid to ask},
    volume = {52},
    year = {2010}
}

@article{Benz2004239,

title = "Multi-resolution, object-oriented fuzzy analysis of remote sensing data for GIS-ready information ",

journal = "\{ISPRS\} Journal of Photogrammetry and Remote Sensing ",

volume = "58",

number = "3–4",

pages = "239 - 258",

year = "2004",

note = "Integration of Geodata and Imagery for Automated Refinement and Update of Spatial Databases ",

issn = "0924-2716",

doi = "http://dx.doi.org/10.1016/j.isprsjprs.2003.10.002",

url = "http://www.sciencedirect.com/science/article/pii/S0924271603000601",

author = "Ursula C. Benz and Peter Hofmann and Gregor Willhauck and Iris Lingenfelder and Markus Heynen",

keywords = "object-oriented image analysis",

keywords = "remote sensing",

keywords = "multi-resolution segmentation",

keywords = "fuzzy classification",

keywords = "GIS "

}

@ARTICLE{4015421, 
author={Q. Cui and M. Ward and E. Rundensteiner and J. Yang}, 
journal={IEEE Transactions on Visualization and Computer Graphics}, 
title={Measuring Data Abstraction Quality in Multiresolution Visualizations}, 
year={2006}, 
volume={12}, 
number={5}, 
pages={709-716}, 
keywords={data analysis;data structures;data visualisation;pattern clustering;sampling methods;very large databases;XmdvTool;data abstraction quality measures;data clustering;histogram difference measure;multivariate data analysis;nearest neighbor measure;public-domain multiresolution visualization system;Bioinformatics;Coordinate measuring machines;Data analysis;Data visualization;Delay;Density measurement;Displays;Histograms;Nearest neighbor searches;Sampling methods;Clustering;Metrics;Multiresolution Visualization Authors 1:;Sampling}, 
doi={10.1109/TVCG.2006.161}, 
ISSN={1077-2626}, 
month={Sept},}

@inproceedings{qminer,
  title={QMiner: Data Analytics Platform for Processing Streams of Structured and Unstructured Data},
  author={Fortuna, B and Rupnik, J and Brank, J and Fortuna, C and Jovanoski, V and Karlovcec, M and Kazic, B and Kenda, K and Leban, G and Mladenic, D and Muhic, A and Novak, B and Novak, E and Novljan, J and Papler, M and Rei, L and Sovdat, B and Stopar, L},
  booktitle={Software Engineering for Machine Learning Workshop, Neural Information Processing Systems},
  year={2014}
}

% Brushing
@article{Fua:2000:SBM:614278.614457,
 author = {Fua, Ying-Huey and Ward, Matthew O. and Rundensteiner, Elke A.},
 title = {Structure-Based Brushes: A Mechanism for Navigating Hierarchically Organized Data and Information Spaces},
 journal = {IEEE Transactions on Visualization and Computer Graphics},
 issue_date = {April 2000},
 volume = {6},
 number = {2},
 month = apr,
 year = {2000},
 issn = {1077-2626},
 pages = {150--159},
 numpages = {10},
 url = {http://dx.doi.org/10.1109/2945.856996},
 doi = {10.1109/2945.856996},
 acmid = {614457},
 publisher = {IEEE Educational Activities Department},
 address = {Piscataway, NJ, USA},
 keywords = {Brushing, hierarchical representation, interactive selection, exploratory data analysis.},
} 

% disc trees
@INPROCEEDINGS{729555, 
author={Chang-Sung Jeong and A. Pang}, 
booktitle={Information Visualization, 1998. Proceedings. IEEE Symposium on}, 
title={Reconfigurable disc trees for visualizing large hierarchical information space}, 
year={1998}, 
pages={19-25, 149}, 
keywords={data visualisation;tree data structures;trees (mathematics);user interfaces;2D layouts;3D depth;3D layouts;RDT;Reconfigurable Disc Tree;VISIT;Visual Information System for reconfigurable dIsc tree;animation;browsing;children;compact disc tree;cone trees;displayed nodes;foreground objects;large hierarchical information space visualization;large hierarchies;occluded region;plane disc tree;reconfigurable disc trees;tree reconfiguration;tree shading;tree transformation;user interface features;user navigation capabilities;user perception;viewing transformation;visual overlapping;visualization system;visualization technique;Animation;Computer science;Information systems;Lapping;Maintenance engineering;Shape;Space technology;Tree graphs;User interfaces;Visualization}, 
doi={10.1109/INFVIS.1998.729555}, 
month={Oct},}

% tree maps
@inproceedings{Johnson:1991:TSA:949607.949654,
 author = {Johnson, Brian and Shneiderman, Ben},
 title = {Tree-Maps: A Space-filling Approach to the Visualization of Hierarchical Information Structures},
 booktitle = {Proceedings of the 2Nd Conference on Visualization '91},
 series = {VIS '91},
 year = {1991},
 isbn = {0-8186-2245-8},
 location = {San Diego, California},
 pages = {284--291},
 numpages = {8},
 url = {http://dl.acm.org/citation.cfm?id=949607.949654},
 acmid = {949654},
 publisher = {IEEE Computer Society Press},
 address = {Los Alamitos, CA, USA},
}

% parallel coordinates
@Article{parcoords,
author="Inselberg, Alfred",
title="The plane with parallel coordinates",
journal="The Visual Computer",
volume="1",
number="2",
pages="69--91",
abstract="By means ofParallel Coordinates planar ``graphs'' of multivariate relations are obtained. Certain properties of the relationship correspond tothe geometrical properties of its graph. On the plane a point {\textleftarrow}{\textrightarrow} line duality with several interesting properties is induced. A new duality betweenbounded and unbounded convex sets and hstars (a generalization of hyperbolas) and between Convex Unions and Intersections is found. This motivates some efficient Convexity algorithms and other results inComputational Geometry. There is also a suprising ``cusp'' {\textleftarrow}{\textrightarrow} ``inflection point'' duality. The narrative ends with a preview of the corresponding results inR                                  N                .",
issn="1432-2315",
doi="10.1007/BF01898350",
url="http://dx.doi.org/10.1007/BF01898350"
}

@article{Elmqvist:2010:HAI:1749404.1749525,
 author = {Elmqvist, Niklas and Fekete, Jean-Daniel},
 title = {Hierarchical Aggregation for Information Visualization: Overview, Techniques, and Design Guidelines},
 journal = {IEEE Transactions on Visualization and Computer Graphics},
 issue_date = {May 2010},
 volume = {16},
 number = {3},
 month = may,
 year = {2010},
 issn = {1077-2626},
 pages = {439--454},
 numpages = {16},
 url = {http://dx.doi.org/10.1109/TVCG.2009.84},
 doi = {10.1109/TVCG.2009.84},
 acmid = {1749525},
 publisher = {IEEE Educational Activities Department},
 address = {Piscataway, NJ, USA},
 keywords = {Aggregation, Aggregation, clustering, clutter reduction, massive data sets, visual exploration, visual analytics., clustering, clutter reduction, massive data sets, visual analytics., visual exploration},
} 

% Markov chains
% original paper
@article{markov13,
  added-at = {2011-05-09T23:10:52.000+0200},
  author = {Markov, A. A.},
  biburl = {http://www.bibsonomy.org/bibtex/231b6ea6c0a490637c6c31706ae6d223c/josephausterwei},
  interhash = {0467c4adc4fadb22fea268d81c9bccd6},
  intrahash = {31b6ea6c0a490637c6c31706ae6d223c},
  journal = {Izvestiya Akademii Nauk},
  keywords = {imported},
  number = 3,
  pages = {153-162},
  timestamp = {2011-05-10T10:42:42.000+0200},
  title = {Primer statisticheskogo issledovaniya nad tekstom
  ``Evgeniya Onegina'', illyustriruyuschij svyaz ispytanij v cep},
  volume = {Ser. 6},
  year = 1913
}

@misc{aldous-fill-2014,
    AUTHOR = {Aldous, David and Fill, James Allen},
     TITLE = {Reversible Markov Chains and Random Walks on Graphs},
      YEAR = {2002},
      NOTE = {Unfinished monograph, recompiled 2014, available 
      at \url{http://www.stat.berkeley.edu/$\sim$aldous/RWG/book.html}}
      }

@article{Shannon:1948,
  added-at = {2015-08-08T11:55:03.000+0200},
  author = {Shannon, Claude E.},
  biburl = {http://www.bibsonomy.org/bibtex/2cffc93e45b2239371a1ff918f84d8252/privtec},
  interhash = {754130207906fcec16a53d330eeff348},
  intrahash = {cffc93e45b2239371a1ff918f84d8252},
  journal = {The Bell System Technical Journal},
  keywords = {imported},
  number = 3,
  owner = {jonny},
  pages = {379--423},
  timestamp = {2015-08-08T11:55:03.000+0200},
  title = {{A} {M}athematical {T}heory of {C}ommunication},
  volume = 27,
  year = 1948
}

@article{baum1970,
author = "Baum, Leonard E. and Petrie, Ted and Soules, George and Weiss, Norman",
doi = "10.1214/aoms/1177697196",
fjournal = "The Annals of Mathematical Statistics",
journal = "Ann. Math. Statist.",
month = "02",
number = "1",
pages = "164--171",
publisher = "The Institute of Mathematical Statistics",
title = "A Maximization Technique Occurring in the Statistical Analysis of Probabilistic Functions of Markov Chains",
url = "http://dx.doi.org/10.1214/aoms/1177697196",
volume = "41",
year = "1970"
}

@techreport{Lawrence981,
author ={Lawrence, Page and Sergey, Brin and Motwani, Rajeev and Winograd, Terry},
title ={The PageRank Citation Ranking: Bringing Order to the Web},
institution = {Stanford University},
type = {Technical Report},
year  ={1998}
}

@article {Huelsenbeck2310,
	author = {Huelsenbeck, John P. and Ronquist, Fredrik and Nielsen, Rasmus and Bollback, Jonathan P.},
	title = {Bayesian Inference of Phylogeny and Its Impact on Evolutionary Biology},
	volume = {294},
	number = {5550},
	pages = {2310--2314},
	year = {2001},
	doi = {10.1126/science.1065889},
	publisher = {American Association for the Advancement of Science},
	abstract = {As a discipline, phylogenetics is becoming transformed by a flood of molecular data. These data allow broad questions to be asked about the history of life, but also present difficult statistical and computational problems. Bayesian inference of phylogeny brings a new perspective to a number of outstanding issues in evolutionary biology, including the analysis of large phylogenetic trees and complex evolutionary models and the detection of the footprint of natural selection in DNA sequences.},
	issn = {0036-8075},
	URL = {http://science.sciencemag.org/content/294/5550/2310},
	eprint = {http://science.sciencemag.org/content/294/5550/2310.full.pdf},
	journal = {Science}
}

@book{norris1998markov,
  title={Markov Chains},
  author={Norris, J.R.},
  number={{\v{s}}t. 2008},
  isbn={9780521633963},
  series={Cambridge Series in Statistical and Probabilistic Mathematics},
  url={https://books.google.si/books?id=qM65VRmOJZAC},
  year={1998},
  publisher={Cambridge University Press}
}

@ARTICLE{5746509, 
author={K. Deng and P. G. Mehta and S. P. Meyn}, 
journal={IEEE Transactions on Automatic Control}, 
title={Optimal Kullback-Leibler Aggregation via Spectral Theory of Markov Chains}, 
year={2011}, 
volume={56}, 
number={12}, 
pages={2793-2808}, 
keywords={Markov processes;eigenvalues and eigenfunctions;Kullback-Leibler divergence rate;Markov Chains;Markov spectral theory;eigenvalue problem;optimal Kullback-Leibler aggregation;spectral theory;Eigenvalues and eigenfunctions;Markov processes;Mutual information;Optimization;Probability distribution;Reduced order systems;Kullback–Leibler (K–L) divergence rate;Markov chain;model reduction;spectral theory}, 
doi={10.1109/TAC.2011.2141350}, 
ISSN={0018-9286}, 
month={Dec},}

% Generalized linear models
@book{glm-introduction,
           title = {An Introduction to Generalized Linear Models, Third Edition},
          author = {Annette J. Dobson and Adrian G. Barnett},
         address = {Boca Raton, FL},
       publisher = {Chapman \& Hall/CRC Press},
            year = {2008},
          series = {Texts in Statistical Science},
            note = {For more information about this book please refer to the publisher's website (see link) or contact the author.},
             url = {http://eprints.qut.edu.au/15448/},
        abstract = {- Introduces GLMs in a way that enables readers to understand the unifying structure that underpins them. 

- Discusses common concepts and principles of advanced GLMs, including nominal and ordinal regression, survival analysis, and longitudinal analysis. 

- Connects Bayesian analysis and MCMC methods to fit GLMs. 

- Contains numerous examples from business, medicine, engineering, and the social sciences. 

- Provides the example code for R, Stata, and WinBUGS to encourage implementation of the methods. 

- Offers the data sets and solutions to the exercises online. 



Continuing to emphasize numerical and graphical methods, An Introduction to Generalized Linear Models, Third Edition provides a cohesive framework for statistical modeling. This new edition of a bestseller has been updated with Stata, R, and WinBUGS code as well as three new chapters on Bayesian analysis. 

Like its predecessor, this edition presents the theoretical background of generalized linear models (GLMs) before focusing on methods for analyzing particular kinds of data. It covers normal, Poisson, and binomial distributions; linear regression models; classical estimation and model fitting methods; and frequentist methods of statistical inference. After forming this foundation, the authors explore multiple linear regression, analysis of variance (ANOVA), logistic regression, log-linear models, survival analysis, multilevel modeling, Bayesian models, and Markov chain Monte Carlo (MCMC) methods. 



Using popular statistical software programs, this concise and accessible text illustrates practical approaches to estimation, model fitting, and model comparisons. It includes examples and exercises with complete data sets for nearly all the models covered.}
}


@INPROCEEDINGS{545307, 
author={B. Shneiderman}, 
booktitle={Visual Languages, 1996. Proceedings., IEEE Symposium on}, 
title={The eyes have it: a task by data type taxonomy for information visualizations}, 
year={1996}, 
pages={336-343}, 
keywords={data visualisation;graphical user interfaces;visual programming;advanced graphical user interface design;data type taxonomy;information visualizations;multi dimensional data;network data;visual information seeking;Art;Data mining;Data visualization;Displays;Eyes;Information filtering;Information filters;Multimedia databases;Taxonomy;Visual databases}, 
doi={10.1109/VL.1996.545307}, 
ISSN={1049-2615}, 
month={Sep},}

@ARTICLE{1207445, 
author={M. C. Ferreira de Oliveira and H. Levkowitz}, 
journal={IEEE Transactions on Visualization and Computer Graphics}, 
title={From visual data exploration to visual data mining: a survey}, 
year={2003}, 
volume={9}, 
number={3}, 
pages={378-394}, 
keywords={data mining;interactive systems;reviews;graphical mapping;interaction techniques;table data;user comprehension;user interaction;visual data exploration;visual data mining;Cognitive science;Data mining;Data visualization;Delta modulation;Displays;Feedback;Graphical models;Helium;Terminology;Visual databases}, 
doi={10.1109/TVCG.2003.1207445}, 
ISSN={1077-2626}, 
month={July},}

@ARTICLE{981847, 
author={D. A. Keim}, 
journal={IEEE Transactions on Visualization and Computer Graphics}, 
title={Information visualization and visual data mining}, 
year={2002}, 
volume={8}, 
number={1}, 
pages={1-8}, 
keywords={data mining;data visualisation;data type;distortion technique;information visualization;interaction technique;visual data exploration;visual data mining;Data mining;Data visualization;Floods;Hardware;Helium;History;Humans;Machine learning;Statistics;Visual databases}, 
doi={10.1109/2945.981847}, 
ISSN={1077-2626}, 
month={Jan},}

@article{Ciocchetta2009145,

title = "Some Investigations Concerning the \{CTMC\} and the \{ODE\} Model Derived From Bio-PEPA ",

journal = "Electronic Notes in Theoretical Computer Science ",

volume = "229",

number = "1",

pages = "145 - 163",

year = "2009",

note = "Proceedings of the Second Workshop From Biology to Concurrency and Back (FBTC 2008) ",

issn = "1571-0661",

doi = "http://dx.doi.org/10.1016/j.entcs.2009.02.010",

url = "http://www.sciencedirect.com/science/article/pii/S1571066109000152",

author = "Federica Ciocchetta and Andrea Degasperi and Jane Hillston and Muffy Calder",

keywords = "Systems Biology",

keywords = "process algebras",

keywords = "analysis",

keywords = "ordinary differential equations",

keywords = "Markov chains "

}

%MDP
@article{DBLP:journals/corr/AlsheikhHNTL15,
  author    = {Mohammad Abu Alsheikh and
               Dinh Thai Hoang and
               Dusit Niyato and
               Hwee{-}Pink Tan and
               Shaowei Lin},
  title     = {Markov Decision Processes with Applications in Wireless Sensor Networks:
               {A} Survey},
  journal   = {CoRR},
  volume    = {abs/1501.00644},
  year      = {2015},
  url       = {http://arxiv.org/abs/1501.00644},
  timestamp = {Mon, 02 Feb 2015 14:12:25 +0100},
  biburl    = {http://dblp.uni-trier.de/rec/bib/journals/corr/AlsheikhHNTL15},
  bibsource = {dblp computer science bibliography, http://dblp.org}
}

@article{citeulike:13074388,
    author = {White, D. J.},
    citeulike-article-id = {13074388},
    citeulike-linkout-0 = {http://dx.doi.org/10.2307/2583870},
    citeulike-linkout-1 = {http://www.jstor.org/stable/10.2307/2583870},
    doi = {10.2307/2583870},
    issn = {01605682},
    journal = {The Journal of the Operational Research Society},
    keywords = {mdp, survey},
    month = nov,
    number = {11},
    pages = {1073+},
    posted-at = {2014-02-27 20:44:54},
    priority = {2},
    title = {{A Survey of Applications of Markov Decision Processes}},
    url = {http://dx.doi.org/10.2307/2583870},
    volume = {44},
    year = {1993}
}

% K-Means
@article{DBLP:journals/corr/abs-1111-0352,
  author    = {Brian Kulis and
               Michael I. Jordan},
  title     = {Revisiting k-means: New Algorithms via Bayesian Nonparametrics},
  journal   = {CoRR},
  volume    = {abs/1111.0352},
  year      = {2011},
  url       = {http://arxiv.org/abs/1111.0352},
  timestamp = {Mon, 05 Dec 2011 18:04:16 +0100},
  biburl    = {http://dblp.uni-trier.de/rec/bib/journals/corr/abs-1111-0352},
  bibsource = {dblp computer science bibliography, http://dblp.org}
}

% Data Mining
@book{Witten:2005:DMP:1205860,
 author = {Witten, Ian H. and Frank, Eibe},
 title = {Data Mining: Practical Machine Learning Tools and Techniques, Second Edition (Morgan Kaufmann Series in Data Management Systems)},
 year = {2005},
 isbn = {0120884070},
 publisher = {Morgan Kaufmann Publishers Inc.},
 address = {San Francisco, CA, USA},
} 

% hierarchical clustering
@article{Murtagh83,
  added-at = {2007-02-27T16:22:09.000+0100},
  author = {Murtagh, F.},
  biburl = {http://www.bibsonomy.org/bibtex/29b0496265bbb2d49de948bbb3549d759/pierpaolo.pk81},
  description = {WSD},
  interhash = {147ce70ca6ef0249f615ec327566281b},
  intrahash = {9b0496265bbb2d49de948bbb3549d759},
  journal = {Computer Journal},
  keywords = {imported},
  number = 4,
  pages = {354-359},
  timestamp = {2007-02-27T16:22:13.000+0100},
  title = {A survey of recent advances in hierarchical clustering algorithms},
  volume = 26,
  year = 1983
}

